@ARTICLE{NOGUEIRA_2002,
    author = {NOGUEIRA, J. R. and SILVA, E. A. and MEDEIROS, N. G.},
    title = {Segmentação morfológica de imagens utilizando o gradiente morfológico multi-escala},
    journal = {Revista Brasileira de Cartografia, Presidente Prudente},
    year = {2002},
    volume = {1},
    pages = {77-85}
}

@MISC{WANGENHEIM_2004,
    author = { WANGENHERIM, A. V. },
    title  = { A. Introdução à Visão Computacional. Morfologia Matemática. },
    howpublished = {internet},
    url = { http://www.inf.ufsc.br/~visao/morfologia.pdf },
    urlacces = { 21 abr. 2008 }
}

@ARTICLE{KHARATE_2006,
    author = {KHARATE, G. K. and GHATOL, A. A. and REGE, P. P.},
    title = {Image compression using wavelet packet tree based on threshold entropy},
    booktitle = {SPPRA'06: Proceedings of the 24th IASTED international conference on Signal processing, pattern recognition, and applications},
    year = {2006},
    isbn = {0-88986-580-9},
    pages = {322--325},
    location = {Innsbruck, Austria},
    publisher = {ACTA Press},
    address = {Anaheim, CA, USA},
}


@TECHREPORT{SEARA_1998,
    AUTHOR = { SEARA, D. M. },
    title  = { Algoritmos para detecção de bordas },
    howpublished = {internet},
    url = { http://www.inf.ufsc.br/~visao/1998/seara/index.html#3 },
    urlacces = { 21 abr. 2008 },
    INSTITUTION = { Universidade Federal de Santa Catarina },
    YEAR = { 1998 },
    type = { Pós Graduação em Ciências da Computação - CPGCC },
    address = { Florianípolis }
}

@ARTICLE{BOTELHO_2007,
    AUTHOR = { BOTELHO, M. F. and CENTENO, J. A. S. },
    title  = { Reconstrução Tridimensional de Edificações Utilizando Dados Laser Scanner Aerotransportados },
    journal = { Boletim de Ciências Geodésicas },
    YEAR = { 2007 },
    volume = { 13 },
    number = { 1 },
    pages = {107-126}
}

@ARTICLE{GUIMARAES_2004,
    author = {GUIMARAES, S. J. F. and LEITE, N. J. and COUPRIE, M. and ARAÚJO, A. d. A.},
    title = {Flat zone analysis and a sharpening operation for gradual transition detection on video images},
    journal = {EURASIP J. Appl. Signal Process.},
    volume = {2004},
    number = {1},
    year = {2004},
    issn = {1110-8657},
    pages = {1943--1953},
    doi = {http://dx.doi.org/10.1155/S1110865704407069},
    publisher = {Hindawi Publishing Corp.},
    address = {New York, NY, United States},
}

@ARTICLE{GUIMARAES_2003_2,
    author = { GUIMARAES, S. J. F. and LEITE, N. J. and COUPRIE, M. and ARAÚJO, A. d. A. },
    title = { An approach to detect video transitions based on mathematical morphology },
    journal = { International Conference on Image Processing },
    address = { Barcelone },
    year = { 2003 },
    volume = { 3 },
    pages = { 1021-1024 }
}

@ARTICLE{YANG_2006,
    author = { YANG, L. and ALBREGTSEN, F. and LONNESTAD, T. and GROTTUM, P. },
    title = { A supervised approach to the evaluation of image segmentation methods },
    journal = { Book    Computer Analysis of Images and Patterns },
    address = { Barcelone },
    volume = { 970/1995 },
    pages = { 759-765 },
    isbn = { 978-3-540-60268-2 },
    year = { January 21, 2006 }
}

@article{ILYA_2001,
    author = {BLAYVAS, I. and BRUCKSTEIN, A. and KIMMEL, R.},
    title = {Efficient Computation of Adaptive Threshold Surfaces for Image Binarization},
    journal = {cvpr},
    volume = {1},
    year = {2001},
    issn = {1063-6919},
    pages = {737},
    doi = {http://doi.ieeecomputersociety.org/10.1109/CVPR.2001.990549},
    publisher = {IEEE Computer Society},
    address = {Los Alamitos, CA, USA},
}

@article{RODRIGUEZ,
    author = { RODRIGUES, P. S. S. and MONSORES, M. L. and ZIVIANI, A. },
    title = { Detecção de Anomalias de Tráfego usando Entropia Não-Extensiva.},
    journal = { XXIV Simpósio Brasileiro de Redes de Computadores },
    volume = {1},
    year = {2006},
    address = {Curitiba, PR},
}

@ARTICLE{GUIMARAES_2002,
    author = { GUIMARAES, S. J. F. and LEITE, N. J. and COUPRIE, M. and ARAÚJO, A. d. A. },
    title = { A directional and multi-scale method to identify gradual transitions},
    journal = { XV Brazilian Symposium on Computer Graphics and Image Processing  IEEE SIBGRAPI },
    year = { 2002 },
    address = { Fortaleza },
    pages = { 261-268 }
}

@ARTICLE{GUIMARAES_2002_2,
    author = { GUIMARAES, S. J. F. and LEITE, N. J. and COUPRIE, M. and ARAÚJO, A. d. A. },
    title = { Identificação de transições em vídeo digital a partir da análise de ritmo visual },
    journal = { Workshop em Tratamento de Imagens },
    year = { 2002 },
    address = { Belo horizonte }
}

@ARTICLE{GUIMARAES_2001,
    author = { GUIMARAES, S. J. F. and LEITE, Neucimar Jerônimo and COUPRIE, Michel and ARAÚJO, A. d. A. },
    title = { A method for cut detection based on visual rhythm },
    journal = { XIV Brazilian Symposium on Computer Graphics and Image Processing, IEEE SIBGRAPI},
    year = { 2001 },
    address = { Florianópolis },
    pages = { 297-304 }
}

@ARTICLE{ZABIH_1995,
    author = {ZABIH, R. and MILLER, J. and MAI, K. },
    title = {A feature-based algorithm for detecting and classifying scene breaks},
    booktitle = {MULTIMEDIA '95: Proceedings of the third ACM international conference on Multimedia},
    year = {1995},
    isbn = {0-89791-751-0},
    pages = {189--200},
    location = {San Francisco, California, United States},
    doi = {http://doi.acm.org/10.1145/217279.215266},
    publisher = {ACM},
    address = {New York, NY, USA},
}

@article{LEFEVRE_2003,
    author = {LEFÈVRE, S. and HOLLER, J. and VINCENT, N. },
    title = {A review of real-time segmentation of uncompressed video sequences for content-based search and retrieval},
    journal = {Real-Time Imaging},
    volume = {9},
    number = {1},
    year = {2003},
    issn = {1077-2014},
    pages = {73--98},
    doi = {http://dx.doi.org/10.1016/S1077-2014(02)00115-8},
    publisher = {Academic Press Ltd.},
    address = {London, UK, UK},
}

@article{LIU_2004,
    AUTHOR = { LIU, T.Y. and LO, K.T. and ZHANG, X.D. and FENG, J. },
    TITLE = {A new cut detection algorithm with constant false-alarm ratio for video segmentation},
    JOURNAL = { JVCIR },
    VOLUME = { 15 },
    YEAR = { 2004 },
    NUMBER = { 2 },
    MONTH = { June },
    PAGES = { 132-144 },
    BIBSOURCE = { http://www.visionbib.com/bibliography/applicat820.html#TT64269 }
}


@article{FANG_2006,
    author = {FANG, H. and JIANG, J. and FENG, Y.},
    title = {A fuzzy logic approach for detection of video shot boundaries},
    journal = {Pattern Recogn.},
    volume = {39},
    number = {11},
    year = {2006},
    issn = {0031-3203},
    pages = {2092--2100},
    doi = {http://dx.doi.org/10.1016/j.patcog.2006.04.044},
    publisher = {Elsevier Science Inc.},
    address = {New York, NY, USA},
}

@article{YU_2001,
    author = {YU, J. and SRINATH, M. D.},
    title = {An efficient method for scene cut detection},
    journal = {Pattern Recogn. Lett.},
    volume = {22},
    number = {13},
    year = {2001},
    issn = {0167-8655},
    pages = {1379--1391},
    doi = {http://dx.doi.org/10.1016/S0167-8655(01)00085-X},
    publisher = {Elsevier Science Inc.},
    address = {New York, NY, USA},
}

@article{GUIMARAES_2003,
    author = { GUIMARAES, S. J. F. and LEITE, N. J. and COUPRIE, M. and ARAÚJO, A. d. A. },
    title = {Video segmentation based on 2D image analysis},
    journal = {Pattern Recogn. Lett.},
    volume = {24},
    number = {7},
    year = {2003},
    issn = {0167-8655},
    pages = {947--957},
    doi = {http://dx.doi.org/10.1016/S0167-8655(02)00218-0},
    publisher = {Elsevier Science Inc.},
    address = {New York, NY, USA},
}

@article{GUIMARAES_2001_2,
    author = { GUIMARAES, S. J. F. and LEITE, N. J. and COUPRIE, M. and ARAÚJO, A. d. A. },
    title = { Análise do vídeo a partir da sua simplificação },
    journal = { II Workshop em Tratamento de Imagens },
    year = {2001},
    address = { Belo Horizonte, Minas Gerais, Brasil }
}

@TECHREPORT{SANTOS_2005,
    AUTHOR =    {SANTOS, D. R.},
    TITLE = { Automação da resseção espacial de imagens com uso de hipóteses de rodovias como apoio de campo derivadas do sistema de varredura Laser },
    YEAR = { 2005 },
    TYPE = { Programa de Pós-Graduação em ciências Geodésicas },
    INSTITUTION = { Universidade Federal do Paraná },
    address = { Curitiba },
    url = { http://dspace.c3sl.ufpr.br/dspace/bitstream/1884/3113/5/5_CAPITULO_III_TESE.pdf },
    urlaccess = { 9 abr. 2008}
}

@article{STIVANELLO_2005,
    AUTHOR =    { STIVANELLO, M. E. and GOMES, P. C. R. },
    TITLE = { Inspecao ao Visual Industrial Automatizada por Analise de Forma com Descritores de Fourier e Redes Neurais Artificiais },
    journal = { SEMINCO },
    SCHOOL = { Universidade Regional de Blumenau (FURB) },
    address = { Blumenau, SC - Brazil },
    year = { 2006 },
}

@MISC{FELGUEIRAS_2006,
    AUTHOR = { FELGUEIRAS, C. A. },
    TITLE = { Processamento Digital de Imagens - Filtragens Espaciais },
    url = { http://www.dpi.inpe.br/~carlos/Academicos/Cursos/Pdi/pdi_filtros.htm },
    howpublished = {internet},
    year = { 2006 },
    urlaccess = { 21 abr. 2008 }
}

@ARTICLE{MADRUGA_2005,
  AUTHOR =       {MADRUGA, P. and PAIVA, S. d. S. L. Jr},
  TITLE =        {Morfologia matematica aplicada a reconhecimento de placas de automoveis},
  YEAR =         {2005},
}

@BOOK{WATKINSON_1999,
    TITLE = { The MPEG Handbook: MPEG-1, MPEG-2, MPEG-4 },
    AUTHOR =    {WATKINSON, J.},
    editor =    {FOCAL PRESS-UK},
    YEAR =  {1999},
}

@MISC{OPENDML_2008,
    AUTHOR = {OpenDML AVI M-JPEG File Format Subcommittee},
    TITLE = {OpenDML AVI File Format Extensions},
    YEAR = {1997},
    howpublished = {http://www.the-labs.com/Video/odmlff2-avidef.pdf. Acessado em 21 abr. 2008 }
    url = { http://www.the-labs.com/Video/odmlff2-avidef.pdf },
    urlacces = { 21 abr. 2008 }
}

@BOOK{POYNTON_2003,
    TITLE = { Digital video and hdtv algorithms and interfaces },
    AUTHOR =    { POYNTON, C. },
    editor =    {MORGAN KAUFMANN},
    YEAR =  {2003},
    edition = {1}
}

@MISC{GATTASS_2006,
    AUTHOR = { GATTASS, M. },
    TITLE = { Introdução as Cores },
    YEAR = { 2006 },
    url = { http://www.tecgraf.puc-rio.br/~mgattass/cg/pdf/02_Cor.pdf },
    urlaccess = { 21 abr. 2008 }
}

@article{VIAPIANA_2005,
    AUTHOR = { VIAPIANA, E. L. and ENGEL, P. M. },
    TITLE = { Um estudo comparativo de aplicação de técnicas de segmentação em imagens reais },
    journal = { Semana Academica UFRGS },
    SCHOOL = { Universidade Federal do Rio Grande do Sul },
    year = { 1998 },
}

@MISC{BASTOS_2006,
    AUTHOR = { BASTOS, V. P. },
    TITLE = { Técnicas de Segmentação de Imagens para Recuperação de Informações Visuais },
    SCHOOL = { Universidade Católica de Pelotas },
    YEAR = { 2006 },
    url = { http://atlas.ucpel.tche.br/~vbastos/segmenta.htm },
    urlaccess = { 21 abr. 2008 }
}

@BOOK{WU_2000,
    TITLE = { Perspectives on Content-based Multimedia Systems },
    AUTHOR =    { WU, J. K. and KANKANHALLI, M. S. and LIM, J.  },
    editor =    { KLUWER ACADEMIC },
    YEAR =  {2000},
    pages = {408},
    edition = {9}
}

@TECHREPORT{SIMOES_2004,
    AUTHOR =    { SIMOES, N. C. },
    TITLE = { Detecção de algumas transições abruptas em sequencias de imagens },
    YEAR = { 2004 },
    TYPE = { Dissertação (mestrado) },
    INSTITUTION = { Universidade Estadual de Campinas. Instituto de Computação },
    address = { Campinas },
}

@ARTICLE{NGO_1999,
    author = { NGO, C. W. and PONG, T. C. and CHIN, R. T. },
    title = { Detection of Gradual Transitions through Temporal Slice Analysis },
    journal = { Computer Vision and Pattern Recognitio },
    pages = { 23-25 },
    year = { 1999 },
    volume = {1},
    url = { citeseer.ist.psu.edu/ngo99detection.html }
}

@ARTICLE{GUIMARAES_2002_3,
    author = {GUIMARAES, S. J. F. and LEITE, N. J. and COUPRIE, M. and ARAÚJO, A. d. A. },
    title = {A Directional and Parametrized Transition Detection Algorithm Based on Morphological Residues},
    journal = {SIBGRAPI '02: Proceedings of the 15th Brazilian Symposium on Computer Graphics and Image Processing},
    year = {2002},
    isbn = {0-7695-1846-X},
    pages = {261--268},
    publisher = {IEEE Computer Society},
    address = {Washington, DC, USA}
}

@ARTICLE{BERTRAND_1997,
    author = { BERTRAND, G. and EVERAT, J. and COUPRIE, M. },
    title = { Image segmentation through operators based upon topology },
    journal = { Journal of Electronic Imaging },
    text = { G. Bertrand, J. C. Everat, and M. Couprie. Image segmentation through operators based upon topology. Journal of Electronic Imaging, 6(4):395--405, 1997.},
    year = { 1997 },
    pages = { 395-405}
}

@ARTICLE{MICHIELSEN_2001,
    author = { MICHIELSEN, K. and DE RAEDT, H. and KAWAKATSU, T. },
    title = { Morphological Image Analysis },
    journal = { Laboratory for Biophysical Chemistry },
    year = { 2001 }
}

@ARTICLE{FERNANDO_1999,
    AUTHOR = {FERNANDO, W.A.C. and CANAGARAJAH, C.N. and BULL, D. R. },
    TITLE = {Fade and Dissolve Detection in Uncompressed and Compressed Video Sequences},
    JOURNAL = {ICCE International Conference on Consumer Electronics},
    YEAR = {1999},
    volume = {3},
    pages = {299-303},
}

@MASTERSTHESIS{FARIA_1997,
    AUTHOR =       {FARIA, S. D.},
    TITLE =        {Uma Abordagem Morfológica para Casamento de Padrões},
    SCHOOL =       {Instituto Nacional de Pesquisas Espaciais - INPE},
    YEAR =         {1997},
    type =         {Dissertação},
    month =        {Fevereiro},
}

@TECHREPORT{FARIA_2001,
    AUTHOR =       {FARIA, S. D. and BANON, G. J. F. },
    TITLE =        {Estudo comparativo de operadores para casamento de padrões},
    INSTITUTION =  {Instituto Nacional de Pesquisas Espaciais - INPE},
    YEAR =         {2001},
    type =         {RPQ},
    number =       {INPE-8184-RPQ/718},
    keywords =     {casando, comparação, medidas, desempenho, análise de imagens, morfologia, escala cinza, correlation coefficients, operators (mathematics), templates, matching, comparison, measures, performance, image analysis, morphology, gray scale},
}

@BOOK{GONZALEZ_2002,
    AUTHOR =       {GONZALEZ, R. C. and WOODS, R. E. },
    editor =       {Alice Dworkin},
    TITLE =        {Digital Image Processing},
    PUBLISHER =    {Tom Robbins},
    YEAR =         {2002},
    edition =      {2},
}

@BOOK{MENDELSSOHN_1962,
  AUTHOR =       {MENDELSSOHN, K.},
  TITLE =        {Em Demanda do Zero Absoluto},
  PUBLISHER =    {Editora Inova},
  YEAR =         {1962},
}

@MISC{TUTIDA_1998,
  author =       {TUTIDA, S. M.},
  title =        {Cores e Sistemas de Cores},
  year =         {1998},
  url =       {http://www.dpi.ufv.br/disciplinas/inf390/files/paginas/gbdi.icmc.sc.usp.br/documentacao/apostilas/cg/ap11.html },
  urlaccess = {21 abr. 2008}
}

@ARTICLE{GIOVANE_2002,
  AUTHOR =       {VALE, G. M. and POZ, A. P. D.},
  TITLE =        {Processo de Detecção de Bordas de Canny},
  JOURNAL =      {Boletim de Ciências Geodésicas},
  YEAR =         {2002},
  volume =       {8},
  number =       {2},
  pages =        {67 - 78}
}

@ARTICLE{GIOVANE_2004,
  AUTHOR =       {VALE, G. M. and GALVANIN, E. A. and POZ, A. P. D.},
  TITLE =        {O DETECTOR DE CANNY-EDP: UMA COMBINAÇÃO ENTRE AS TEORIAS DE CANNY E DE DIFUSÃO ANISOTRÓPICA NÃO LINEAR},
  JOURNAL =      {Revista Brasileira de Cartografia},
  YEAR =         {2004},
  number =       {56},
  pages =        {156 - 168}
}

@ARTICLE{JOHN_1999,
  AUTHOR =       {MAKHOUL, J. and KUBALA, F. and SCHWARTZ, R. and WEISCHEDEL, R.},
  TITLE =        {Performance measures for information extraction},
  JOURNAL =      {Proceedings of DARPA Broadcast News Workshop},
  YEAR =         {1999}
}

@MISC{BIBLIO_2008,
  Author =       {CARDOSO, O. N. P.}
  PUBLISHER =    {Portal Universidade Federal de Lavras},
  title =        {Bibliometria},
  YEAR =         {2008}
  url =          {http://www.dcc.ufla.br/~olinda/arquivos/ri%20aula6.pdf},
  howpublished = {internet},
  urlaccess =    {11 dez. 2008}
}

@TECHREPORT{PARMANI_2006,
    AUTHOR =      { PARMANI, Aman},
    TITLE =       { Dissolve Detection for Video Retreival },
    YEAR =        { 2006 },
    TYPE =        { Mini Project Report },
    INSTITUTION = { Department of Computer Science and Engineering Indian Institute of Technology },
    ADDRESS =     { Bombay, Mumbai },
    url =         { http://www.cse.iitb.ac.in/~nsaaman/acads/Minip/minip.pdf },
    urlaccess =   { 12 dez. 2008 }
}
